<?xml version = "1.0" encoding = "UTF-8"?><OAI-PMH xmlns="http://www.openarchives.org/OAI/2.0/" xmlns:xsi="http://www.w3.org/2001/XMLSchema-instance" xsi:schemaLocation="http://www.openarchives.org/OAI/2.0/ http://www.openarchives.org/OAI/2.0/OAI-PMH.xsd"><ListRecords><record><header><identifier>aleph-publish:015085690</identifier></header><metadata><record xmlns="http://www.ddb.de/professionell/mabxml/mabxml-1.xsd"><leader>00177nM2.01200024------u</leader><controlfield tag="LDR">00177nM2.01200024------u</controlfield><controlfield tag="FMT">MU</controlfield><datafield tag="001" ind1="-" ind2="1"><subfield code="a">TT002001274</subfield></datafield><datafield tag="001" ind1="-" ind2="2"><subfield code="a">HT001375579</subfield></datafield><datafield tag="002" ind1="a" ind2="1"><subfield code="a">20060512</subfield></datafield><datafield tag="002" ind1="a" ind2="2"><subfield code="a">19970811</subfield></datafield><datafield tag="003" ind1="-" ind2="2"><subfield code="a">20060705</subfield></datafield><datafield tag="004" ind1="-" ind2="1"><subfield code="a">20060507</subfield></datafield><datafield tag="010" ind1="-" ind2="1"><subfield code="a">HT001375579</subfield></datafield><datafield tag="025" ind1="o" ind2="1"><subfield code="a">831219119</subfield></datafield><datafield tag="025" ind1="o" ind2="2"><subfield code="a">601138735</subfield></datafield><controlfield tag="030">a|1uc||||||||</controlfield><datafield tag="036" ind1="a" ind2="2"><subfield code="a">DX</subfield></datafield><datafield tag="037" ind1="b" ind2="2"><subfield code="a">ger</subfield><subfield code="a">lat</subfield><subfield code="a">gre</subfield></datafield><controlfield tag="050">a|||||||||||||</controlfield><datafield tag="070" ind1="-" ind2="1"><subfield code="a">Kn 28</subfield></datafield><datafield tag="070" ind1="-" ind2="2"><subfield code="a">61</subfield></datafield><datafield tag="070" ind1="a" ind2="1"><subfield code="a">Kn 28</subfield></datafield><datafield tag="070" ind1="b" ind2="2"><subfield code="a">Kn 28</subfield></datafield><datafield tag="080" ind1="-" ind2="2"><subfield code="a">60</subfield></datafield><controlfield tag="089">1</controlfield><datafield tag="090" ind1="-" ind2="1"><subfield code="a">1</subfield></datafield><datafield tag="100" ind1="b" ind2="2"><subfield code="p">Lietzmann, Hans</subfield><subfield code="d">1875-1942</subfield><subfield code="9">(DE-588)118572865</subfield></datafield><datafield tag="101" ind1="-" ind2="2"><subfield code="p">Lietzmann, H.</subfield><subfield code="d">1875-1942</subfield></datafield><datafield tag="101" ind1="-" ind2="2"><subfield code="p">Lietzmann, Johannes</subfield><subfield code="d">1875-1942</subfield></datafield><datafield tag="101" ind1="-" ind2="2"><subfield code="p">Lietzmann, Iohannes</subfield><subfield code="d">1875-1942</subfield></datafield><datafield tag="101" ind1="-" ind2="2"><subfield code="p">Lietzmann, D. Hans</subfield><subfield code="d">1875-1942</subfield></datafield><datafield tag="104" ind1="b" ind2="2"><subfield code="p">Apollinaris</subfield><subfield code="c">Laodicensis</subfield><subfield code="d">310-390</subfield><subfield code="9">(DE-588)118649817</subfield></datafield><datafield tag="105" ind1="-" ind2="2"><subfield code="p">Apolinaris</subfield><subfield code="c">Laodicenus</subfield><subfield code="d">310-390</subfield></datafield><datafield tag="105" ind1="-" ind2="2"><subfield code="p">Apolinarius</subfield><subfield code="c">Laodicenus</subfield><subfield code="d">310-390</subfield></datafield><datafield tag="105" ind1="-" ind2="2"><subfield code="p">Apollinarios</subfield><subfield code="c">von Laodicea</subfield><subfield code="d">310-390</subfield></datafield><datafield tag="105" ind1="-" ind2="2"><subfield code="p">Apollinarius</subfield><subfield code="c">von Laodicea</subfield><subfield code="d">310-390</subfield></datafield><datafield tag="105" ind1="-" ind2="2"><subfield code="p">Apolinarius</subfield><subfield code="c">von Laodicea</subfield><subfield code="d">310-390</subfield></datafield><datafield tag="105" ind1="-" ind2="2"><subfield code="p">Apollinaris, Alexander</subfield><subfield code="d">310-390</subfield></datafield><datafield tag="105" ind1="-" ind2="2"><subfield code="p">Apollinaris</subfield><subfield code="c">von Laodicea</subfield><subfield code="d">310-390</subfield></datafield><datafield tag="105" ind1="-" ind2="2"><subfield code="p">Apollinarios</subfield><subfield code="c">von Laodikeia</subfield><subfield code="d">310-390</subfield></datafield><datafield tag="105" ind1="-" ind2="2"><subfield code="p">Apollinaris</subfield><subfield code="c">Haereticus</subfield><subfield code="d">310-390</subfield></datafield><datafield tag="105" ind1="-" ind2="2"><subfield code="p">Apollinaris</subfield><subfield code="c">Laodicenus</subfield><subfield code="d">310-390</subfield></datafield><datafield tag="105" ind1="-" ind2="2"><subfield code="p">Apollinarius</subfield><subfield code="c">Laodicensis</subfield><subfield code="d">310-390</subfield></datafield><datafield tag="105" ind1="-" ind2="2"><subfield code="p">Apollinarius</subfield><subfield code="c">Laodicenus</subfield><subfield code="d">310-390</subfield></datafield><datafield tag="105" ind1="-" ind2="2"><subfield code="p">Apollinaris</subfield><subfield code="c">Theologus</subfield><subfield code="d">310-390</subfield></datafield><datafield tag="105" ind1="-" ind2="2"><subfield code="p">Apollinaire</subfield><subfield code="c">de Laodicée</subfield><subfield code="d">310-390</subfield></datafield><datafield tag="105" ind1="-" ind2="2"><subfield code="p">Apollinarios</subfield><subfield code="c">Lehrer der Rhetorik</subfield><subfield code="d">310-390</subfield></datafield><datafield tag="105" ind1="-" ind2="2"><subfield code="p">Apollinaris</subfield><subfield code="c">Scriptor Ecclesiasticus</subfield><subfield code="d">310-390</subfield></datafield><datafield tag="105" ind1="-" ind2="2"><subfield code="p">Apollinarius</subfield><subfield code="c">Theologus</subfield><subfield code="d">310-390</subfield></datafield><datafield tag="105" ind1="-" ind2="2"><subfield code="p">Apollinare</subfield><subfield code="c">di Laodicea</subfield><subfield code="d">310-390</subfield></datafield><datafield tag="105" ind1="-" ind2="2"><subfield code="p">Apolinaris</subfield><subfield code="c">Laodicensis</subfield><subfield code="d">310-390</subfield></datafield><datafield tag="105" ind1="-" ind2="2"><subfield code="p">Apollinare d</subfield><subfield code="c">di Laodicea</subfield><subfield code="d">310-390</subfield></datafield><datafield tag="105" ind1="-" ind2="2"><subfield code="p">Appolinarius</subfield><subfield code="c">Laodicenus</subfield><subfield code="d">310-390</subfield></datafield><datafield tag="105" ind1="-" ind2="2"><subfield code="p">Apollinaris</subfield><subfield code="c">of Laodicea</subfield><subfield code="d">310-390</subfield></datafield><datafield tag="105" ind1="-" ind2="2"><subfield code="p">Appolinaire de Laodicée</subfield><subfield code="d">310-390</subfield></datafield><datafield tag="331" ind1="-" ind2="2"><subfield code="a">Apollinaris von Laodicea und seine Schule</subfield></datafield><datafield tag="335" ind1="-" ind2="2"><subfield code="a">Texte und Untersuchungen</subfield></datafield><datafield tag="359" ind1="-" ind2="2"><subfield code="a">von Hans Lietzmann</subfield></datafield><datafield tag="410" ind1="-" ind2="2"><subfield code="a">Tübingen</subfield></datafield><datafield tag="412" ind1="-" ind2="2"><subfield code="a">Mohr</subfield></datafield><datafield tag="425" ind1="a" ind2="1"><subfield code="a">1904</subfield></datafield><datafield tag="433" ind1="-" ind2="1"><subfield code="a">XVI, 323 S.</subfield></datafield><datafield tag="516" ind1="-" ind2="2"><subfield code="a">Teilw. in griech. Schrift</subfield></datafield><datafield tag="523" ind1="-" ind2="2"><subfield code="a">Mehr nicht erschienen</subfield></datafield><datafield tag="902" ind1="-" ind2="2"><subfield code="p">Apollinaris</subfield><subfield code="c">Laodicensis</subfield><subfield code="d">310-390</subfield><subfield code="9">(DE-588)118649817</subfield></datafield><controlfield tag="SYS">015085690</controlfield><datafield tag="952" ind1="-" ind2="2"><subfield code="p">Apolinaris</subfield><subfield code="c">Laodicenus</subfield><subfield code="d">310-390</subfield></datafield><datafield tag="952" ind1="-" ind2="2"><subfield code="p">Apolinarius</subfield><subfield code="c">Laodicenus</subfield><subfield code="d">310-390</subfield></datafield><datafield tag="952" ind1="-" ind2="2"><subfield code="p">Apollinarios</subfield><subfield code="c">von Laodicea</subfield><subfield code="d">310-390</subfield></datafield><datafield tag="952" ind1="-" ind2="2"><subfield code="p">Apollinarius</subfield><subfield code="c">von Laodicea</subfield><subfield code="d">310-390</subfield></datafield><datafield tag="952" ind1="-" ind2="2"><subfield code="p">Apolinarius</subfield><subfield code="c">von Laodicea</subfield><subfield code="d">310-390</subfield></datafield><datafield tag="952" ind1="-" ind2="2"><subfield code="p">Apollinaris, Alexander</subfield><subfield code="d">310-390</subfield></datafield><datafield tag="952" ind1="-" ind2="2"><subfield code="p">Apollinaris</subfield><subfield code="c">von Laodicea</subfield><subfield code="d">310-390</subfield></datafield><datafield tag="952" ind1="-" ind2="2"><subfield code="p">Apollinarios</subfield><subfield code="c">von Laodikeia</subfield><subfield code="d">310-390</subfield></datafield><datafield tag="952" ind1="-" ind2="2"><subfield code="p">Apollinaris</subfield><subfield code="c">Haereticus</subfield><subfield code="d">310-390</subfield></datafield><datafield tag="952" ind1="-" ind2="2"><subfield code="p">Apollinaris</subfield><subfield code="c">Laodicenus</subfield><subfield code="d">310-390</subfield></datafield><datafield tag="952" ind1="-" ind2="2"><subfield code="p">Apollinarius</subfield><subfield code="c">Laodicensis</subfield><subfield code="d">310-390</subfield></datafield><datafield tag="952" ind1="-" ind2="2"><subfield code="p">Apollinarius</subfield><subfield code="c">Laodicenus</subfield><subfield code="d">310-390</subfield></datafield><datafield tag="952" ind1="-" ind2="2"><subfield code="p">Apollinaris</subfield><subfield code="c">Theologus</subfield><subfield code="d">310-390</subfield></datafield><datafield tag="952" ind1="-" ind2="2"><subfield code="p">Apollinaire</subfield><subfield code="c">de Laodicée</subfield><subfield code="d">310-390</subfield></datafield><datafield tag="952" ind1="-" ind2="2"><subfield code="p">Apollinarios</subfield><subfield code="c">Lehrer der Rhetorik</subfield><subfield code="d">310-390</subfield></datafield><datafield tag="952" ind1="-" ind2="2"><subfield code="p">Apollinaris</subfield><subfield code="c">Scriptor Ecclesiasticus</subfield><subfield code="d">310-390</subfield></datafield><datafield tag="952" ind1="-" ind2="2"><subfield code="p">Apollinarius</subfield><subfield code="c">Theologus</subfield><subfield code="d">310-390</subfield></datafield><datafield tag="952" ind1="-" ind2="2"><subfield code="p">Apollinare</subfield><subfield code="c">di Laodicea</subfield><subfield code="d">310-390</subfield></datafield><datafield tag="952" ind1="-" ind2="2"><subfield code="p">Apolinaris</subfield><subfield code="c">Laodicensis</subfield><subfield code="d">310-390</subfield></datafield><datafield tag="952" ind1="-" ind2="2"><subfield code="p">Apollinare d</subfield><subfield code="c">di Laodicea</subfield><subfield code="d">310-390</subfield></datafield><datafield tag="952" ind1="-" ind2="2"><subfield code="p">Appolinarius</subfield><subfield code="c">Laodicenus</subfield><subfield code="d">310-390</subfield></datafield><datafield tag="952" ind1="-" ind2="2"><subfield code="p">Apollinaris</subfield><subfield code="c">of Laodicea</subfield><subfield code="d">310-390</subfield></datafield><datafield tag="952" ind1="-" ind2="2"><subfield code="p">Appolinaire de Laodicée</subfield><subfield code="d">310-390</subfield></datafield><datafield tag="088" ind1=" " ind2=" "><subfield code="a">Kn 28</subfield><subfield code="b">MAG</subfield><subfield code="c">Dc 4364</subfield><subfield code="e">Normalausleihe</subfield></datafield></record></metadata></record></ListRecords></OAI-PMH>